<collection xmlns="http://www.loc.gov/MARC21/slim">
<record>
  <leader>01498nam0a2200337 i 450 </leader>
  <controlfield tag="001">IT\ICCU\CNCE\005281</controlfield>
  <controlfield tag="005">19970101000000.0</controlfield>
  <datafield tag="012" ind1=" " ind2=" ">
    <subfield code="a">deus uait ilma r*Ca (C) 1512 (Q)</subfield>
    <subfield code="2">fei</subfield>
  </datafield>
  <datafield tag="100" ind1=" " ind2=" ">
    <subfield code="a">19970101f1512        0itac0103    ba</subfield>
  </datafield>
  <datafield tag="101" ind1=" " ind2=" ">
    <subfield code="a">LAT</subfield>
  </datafield>
  <datafield tag="102" ind1=" " ind2=" ">
    <subfield code="a">IT</subfield>
  </datafield>
  <datafield tag="200" ind1="1" ind2=" ">
    <subfield code="a">Tractatus de autoritate Ro. Eccle</subfield>
  </datafield>
  <datafield tag="210" ind1=" " ind2=" ">
    <subfield code="a">\Roma</subfield>
    <subfield code="c">Marcello Silber</subfield>
    <subfield code="d">1512?!</subfield>
  </datafield>
  <datafield tag="215" ind1=" " ind2=" ">
    <subfield code="a">\13! c.</subfield>
    <subfield code="d">4ʻ</subfield>
  </datafield>
  <datafield tag="620" ind1=" " ind2=" ">
    <subfield code="a">IT</subfield>
    <subfield code="d">Roma</subfield>
  </datafield>
  <datafield tag="700" ind1=" " ind2="1">
    <subfield code="a">Benet,</subfield>
    <subfield code="b">Cipriano</subfield>
    <subfield code="3">IT\ICCU\CNCA\001602</subfield>
  </datafield>
  <datafield tag="712" ind1="0" ind2="0">
    <subfield code="a">Silber, Marcello</subfield>
    <subfield code="3">IT\ICCU\CNCT\000107</subfield>
    <subfield code="4">650</subfield>
  </datafield>
  <datafield tag="790" ind1=" " ind2="1">
    <subfield code="a">Beneti,</subfield>
    <subfield code="b">Cyprianus</subfield>
    <subfield code="3">IT\ICCU\CNCA\026834</subfield>
    <subfield code="z">Benet, Cipriano</subfield>
  </datafield>
  <datafield tag="790" ind1=" " ind2="1">
    <subfield code="a">Benetus,</subfield>
    <subfield code="b">Cyprianus</subfield>
    <subfield code="3">IT\ICCU\CNCA\026835</subfield>
    <subfield code="z">Benet, Cipriano</subfield>
  </datafield>
  <datafield tag="790" ind1=" " ind2="1">
    <subfield code="a">Beneto,</subfield>
    <subfield code="b">Cypriano</subfield>
    <subfield code="3">IT\ICCU\CNCA\026836</subfield>
    <subfield code="z">Benet, Cipriano</subfield>
  </datafield>
  <datafield tag="791" ind1="0" ind2="0">
    <subfield code="a">Franck, Marcellus</subfield>
    <subfield code="3">IT\ICCU\CNCT\002877</subfield>
    <subfield code="z">Silber, Marcello</subfield>
  </datafield>
  <datafield tag="791" ind1="0" ind2="0">
    <subfield code="a">Argenteus, Marcellus</subfield>
    <subfield code="3">IT\ICCU\CNCT\003186</subfield>
    <subfield code="z">Silber, Marcello</subfield>
  </datafield>
  <datafield tag="791" ind1="0" ind2="2">
    <subfield code="a">Magister Marcellus</subfield>
    <subfield code="3">IT\ICCU\CNCT\005664</subfield>
    <subfield code="z">Silber, Marcello</subfield>
  </datafield>
  <datafield tag="801" ind1=" " ind2="3">
    <subfield code="a">IT</subfield>
    <subfield code="b">ICCU</subfield>
    <subfield code="c">20201113</subfield>
  </datafield>
  <datafield tag="899" ind1=" " ind2=" ">
    <subfield code="a">Biblioteca estera - Biblioteca Universidad Complutense de Madrid. Madrid</subfield>
    <subfield code="1">AA0002</subfield>
  </datafield>
  <datafield tag="899" ind1=" " ind2=" ">
    <subfield code="a">Biblioteca comunale Publio Ovidio Nasone. Sulmona</subfield>
    <subfield code="1">AQ0109</subfield>
    <subfield code="2">ZAQ 04</subfield>
  </datafield>
  <datafield tag="899" ind1=" " ind2=" ">
    <subfield code="a">Biblioteca regionale universitaria. Messina</subfield>
    <subfield code="1">ME0050</subfield>
    <subfield code="2">PAL BM</subfield>
  </datafield>
  <datafield tag="899" ind1=" " ind2=" ">
    <subfield code="a">Biblioteca universitaria. Padova</subfield>
    <subfield code="1">PD0158</subfield>
    <subfield code="2">PUV 00</subfield>
  </datafield>
  <datafield tag="899" ind1=" " ind2=" ">
    <subfield code="a">Biblioteca nazionale centrale. Roma</subfield>
    <subfield code="1">RM0267</subfield>
    <subfield code="2">BVE CR</subfield>
  </datafield>
  <datafield tag="899" ind1=" " ind2=" ">
    <subfield code="a">Biblioteca universitaria Alessandrina. Roma</subfield>
    <subfield code="1">RM0280</subfield>
    <subfield code="2">RML 01</subfield>
  </datafield>
  <datafield tag="899" ind1=" " ind2=" ">
    <subfield code="a">Biblioteca Casanatense. Roma</subfield>
    <subfield code="1">RM0313</subfield>
    <subfield code="2">RML 07</subfield>
  </datafield>
</record>
</collection>
